<?xml version="1.0" encoding="UTF-8"?><collection xmlns="http://www.loc.gov/MARC21/slim"><record><leader>00675nam--2200193-i-4500</leader><controlfield tag="001">000010771</controlfield><controlfield tag="002">20161230</controlfield><controlfield tag="005">20161230201028</controlfield><controlfield tag="008">060222s1000------------r-----000-0-eng-d</controlfield><datafield ind1=" " ind2=" " tag="040"><subfield code="a">IFIN-HH</subfield></datafield><datafield ind1=" " ind2=" " tag="080"><subfield code="a">621.384.633(061.3)</subfield></datafield><datafield ind1="1" ind2=" " tag="100"><subfield code="a">Burgerjon, J.J</subfield></datafield><datafield ind1="1" ind2="0" tag="245"><subfield code="a">Cyclotrons - 1972. (proceedings of the sixth international cyclotron conference, vancouver, canada, 18-21 july, 1972). aip conference proceedings. number 9</subfield><subfield code="c">J.j. burgerjon, a. strathdee (eds.)</subfield></datafield><datafield ind1=" " ind2=" " tag="260"><subfield code="a">New York</subfield><subfield code="b">American Institute Of Physics</subfield><subfield code="c">1972</subfield></datafield><datafield ind1=" " ind2=" " tag="300"><subfield code="a">836 P</subfield></datafield><datafield ind1=" " ind2=" " tag="490"><subfield code="a">Aip Conference Proceedings, 9</subfield></datafield><datafield ind1="1" ind2=" " tag="700"><subfield code="a">Strathdee, A</subfield><subfield code="e">Ed</subfield></datafield><datafield ind1=" " ind2=" " tag="852"><subfield code="a">37027</subfield><subfield code="c">53</subfield></datafield><datafield ind1=" " ind2=" " tag="CAT"><subfield code="a">Sys</subfield><subfield code="c">20150311</subfield><subfield code="h">145454</subfield></datafield></record></collection>